@inproceedings{person2011directed,
  title={Directed incremental symbolic execution},
  author={Person, Suzette and Yang, Guowei and Rungta, Neha and Khurshid, Sarfraz},
  booktitle={ACM SIGPLAN Notices},
  volume={46},
  number={6},
  pages={504--515},
  year={2011},
  organization={ACM}
}

@article{krall2015gale,
  title={GALE: Geometric Active Learning for Search-Based Software Engineering},
  author={Krall, Joe and Menzies, Tim and Davies, Misty},
  journal={IEEE Transactions on Software Engineering},
  pages={to--appear},
  year={2015},
  publisher={IEEE}
}

@article{me15z,
  title="Better Model-Based Analysis of Human Factors for Safe Aircraft Approach",
  author="Joseph Krall and Tim Menzies and Misty Davies",
  journal="IEEE Transactions on Human-Machine Systems, accepted, to appear"
  year=2015
  }
@article{me12d,
  author    = {Tim Menzies and
               Andrew Butcher and
               David R. Cok and
               Andrian Marcus and
               Lucas Layman and
               Forrest Shull and
               Burak Turhan and
               Thomas Zimmermann},
  title     = {Local versus Global Lessons for Defect Prediction and Effort
               Estimation},
  journal   = {IEEE Trans. Software Eng.},
  volume    = {39},
  number    = {6},
  year      = {2013},
  pages     = {822-834},
 class =	"hJ",
  note =	"Available from
                  \url{http://menzies.us/pdf/12localb.pdf}",

}

% me12d boley98  Faloutsos1995 platt05 kamvar03 kamvar03
@article{boley98,
	Author = {Boley, Daniel},
	Journal = {Data Min. Knowl. Discov.},
	Month = {December},
	Number = 4,
	Pages = {325--344},
	Title = {Principal Direction Divisive Partitioning},
	Volume = 2,
	Year = 1998}
	
@inproceedings{Faloutsos1995,
	Author = {Faloutsos, Christos and Lin, King-Ip},
	Booktitle = {Proceedings of the 1995 ACM SIGMOD International Conference on Management of Data},
	Isbn = {0-89791-731-6},
	Location = {San Jose, California, United States},
	Pages = {163--174},
	Title = {{FastMap}: a fast algorithm for indexing, data-mining and visualization of traditional and multimedia datasets},
	Year = 1995}
	

@inproceedings{platt05,
	Author = {John C. Platt},
	Booktitle = {In Proceedings of 10th International Workshop on Artificial Intelligence and Statistics},
	Pages = {261--268},
	Title = {{FastMap}, {MetricMap}, and {L}andmark {MDS} are all {Nystr{\"o}m} algorithms},
	Year = 2005}
	

@inproceedings{kamvar03,
author = {Kamvar, Sepandar and Klein, Dan and Manning, Christopher},
booktitle = {IJCAI'03},
pages = {561--566},
title = {{Spectral learning}},
year = {2003}
}	


@article{kamvar03,
author = {Pearson, K},
journal = {Philosophical Magazine},
pages = {559--572},
title = {{On lines and planes of closest fit to systems of points in space}},
volume = {2},
year = {1901}
}


@article{pearson1901,
author = {Pearson, K},
journal = {Philosophical Magazine},
pages = {559--572},
title = {{On lines and planes of closest fit to systems of points in space}},
volume = {2},
year = {1901}
}
